<?xml version="1.0" encoding="UTF-8"?><collection xmlns="http://www.loc.gov/MARC21/slim"><record><leader>00327nam--2200121-i-4500</leader><controlfield tag="001">000021907</controlfield><controlfield tag="002">20161230</controlfield><controlfield tag="005">20161230201034</controlfield><controlfield tag="008">060222s1000------------r-----000-0-eng-d</controlfield><datafield ind1=" " ind2=" " tag="100"><subfield code="a">Even, Arthur D</subfield></datafield><datafield ind1=" " ind2=" " tag="245"><subfield code="a">Engineering data processing system design</subfield></datafield><datafield ind1=" " ind2=" " tag="260"><subfield code="a">New York, D.Van Nostrand Co., Inc., 1960.Ix + 282p</subfield></datafield><datafield ind1=" " ind2=" " tag="852"><subfield code="a">16074</subfield></datafield></record></collection>